<record><leader>00000cas a2200000 a 4500</leader><controlfield tag="001">10961165</controlfield><controlfield tag="008">840718d19581985oruwr ne      0   a0eng c</controlfield><datafield ind1=" " ind2=" " tag="010"><subfield code="a">sn 84007646 </subfield></datafield><datafield ind1=" " ind2=" " tag="040"><subfield code="a">NSD</subfield><subfield code="b">eng</subfield><subfield code="c">NSD</subfield><subfield code="d">OCN</subfield><subfield code="d">OCLCQ</subfield><subfield code="d">ORU</subfield><subfield code="d">OCLCQ</subfield><subfield code="d">OCLCF</subfield><subfield code="d">OCLCO</subfield></datafield><datafield ind1=" " ind2=" " tag="012"><subfield code="m">1</subfield></datafield><datafield ind1="1" ind2=" " tag="022"><subfield code="a">8750-0841</subfield><subfield code="l">8750-0841</subfield><subfield code="2">1</subfield></datafield><datafield ind1="1" ind2=" " tag="029"><subfield code="a">AU@</subfield><subfield code="b">000025435359</subfield></datafield><datafield ind1=" " ind2=" " tag="032"><subfield code="a">692440</subfield><subfield code="b">USPS</subfield></datafield><datafield ind1=" " ind2=" " tag="042"><subfield code="a">nsdp</subfield><subfield code="a">pcc</subfield></datafield><datafield ind1=" " ind2=" " tag="043"><subfield code="a">n-us-or</subfield></datafield><datafield ind1="0" ind2=" " tag="130"><subfield code="a">Tigard times (Tigard, Or. : 1958)</subfield></datafield><datafield ind1=" " ind2="0" tag="222"><subfield code="a">Tigard times</subfield></datafield><datafield ind1="1" ind2="0" tag="245"><subfield code="a">Tigard times.</subfield></datafield><datafield ind1=" " ind2=" " tag="260"><subfield code="a">Tigard, Or. :</subfield><subfield code="b">Times Pub. Co.,</subfield><subfield code="c">1958-1985.</subfield></datafield><datafield ind1=" " ind2=" " tag="300"><subfield code="a">29 v.</subfield></datafield><datafield ind1=" " ind2=" " tag="310"><subfield code="a">Weekly,</subfield><subfield code="b">July 12, 1984-Aug. 22, 1985</subfield></datafield><datafield ind1=" " ind2=" " tag="321"><subfield code="a">Weekly,</subfield><subfield code="b">Jan. 23, 1958-Apr. 19, 1973</subfield></datafield><datafield ind1=" " ind2=" " tag="321"><subfield code="a">Semiweekly,</subfield><subfield code="b">Apr. 22, 1973-July 5, 1984</subfield></datafield><datafield ind1="0" ind2=" " tag="362"><subfield code="a">Vol. 1, no. 1 (Jan. 23, 1958)-v. 29, no. 34 (Aug. 22, 1985).</subfield></datafield><datafield ind1=" " ind2=" " tag="500"><subfield code="a">Includes regional classified ads shared with other regional papers.</subfield></datafield><datafield ind1=" " ind2=" " tag="530"><subfield code="a">Also available on microfilm from University of Oregon.</subfield></datafield><datafield ind1=" " ind2=" " tag="580"><subfield code="a">Merged with Tualatin times, to form: Tigard-Tualatin times.</subfield></datafield><datafield ind1=" " ind2="0" tag="651"><subfield code="a">Tigard (Or.)</subfield><subfield code="v">Newspapers.</subfield></datafield><datafield ind1=" " ind2="7" tag="655"><subfield code="a">Newspapers.</subfield><subfield code="2">fast</subfield><subfield code="0">(OCoLC)fst01423814</subfield></datafield><datafield ind1=" " ind2="7" tag="651"><subfield code="a">Oregon</subfield><subfield code="z">Tigard.</subfield><subfield code="2">fast</subfield><subfield code="0">(OCoLC)fst01208229</subfield></datafield><datafield ind1=" " ind2=" " tag="752"><subfield code="a">United States</subfield><subfield code="b">Oregon</subfield><subfield code="c">Washington</subfield><subfield code="d">Tigard.</subfield></datafield><datafield ind1="1" ind2="7" tag="785"><subfield code="t">Tualatin times</subfield><subfield code="x">8750-085X</subfield><subfield code="w">(DLC)sn 84007647</subfield><subfield code="w">(OCoLC)10961200</subfield></datafield><datafield ind1="1" ind2="7" tag="785"><subfield code="t">Tigard-Tualatin times</subfield><subfield code="w">(DLC)sn 96088489</subfield><subfield code="w">(OCoLC)36312857</subfield></datafield></record>